3772 5616
796 347 915 404 -4,..

188 497 252 549 sus
278 476 342 572 sit)
373 480 419 552 ad
449 480 486 552 id
515 481 613 571 quod
644 487 698 553 est
729 481 954 572 propositum
984 499 1056 551 non
1082 498 1161 551 esse
1194 485 1314 571 aptam
1346 481 1523 553 neminem

187 595 280 688 lugit
305 593 322 694 (
346 594 376 693 ).

178 776 182 781 .
260 721 487 816 Quapropter
521 726 620 797 illam
653 702 846 800 editionem
880 727 1067 818 adsumpsi
1101 745 1120 795 a
1155 724 1327 797 lluellero
1366 727 1521 818 editam,

185 867 281 939 quae
307 855 348 920 ut
375 850 421 921 ab
449 852 603 924 eruditis
629 871 671 924 ac
698 852 943 944 prudentibus
976 852 1064 922 viris
1099 857 1152 923 est
1180 851 1313 924 iamdiu
1349 851 1522 943 probata,

185 974 237 1044 ita
263 975 301 1046 in
328 966 488 1046 omni'um
514 977 686 1050 manibus
712 982 780 1050 est.
815 976 931 1066 Atque
966 977 998 1048 ei
1026 995 1082 1047 me
1109 978 1159 1047 ita
1186 976 1308 1048 addixi
1336 982 1376 1048 ut
1408 996 1453 1048 ne
1481 996 1523 1048 ea
1588 1071 1591 1075 1

134 1108 143 1133 ’
187 1098 335 1189 quidem
361 1101 533 1172 reicerem
560 1121 655 1192 quae
681 1122 753 1174 nou
779 1108 878 1175 recte
904 1122 923 1171 a
952 1101 1122 1174 Muellero
1157 1103 1265 1173 scribi
1295 1103 1401 1175 bodie
1429 1105 1523 1175 inter

185 1242 309 1295 omnes
336 1231 496 1298 constat:
526 1245 644 1317 neque
672 1227 766 1299 enim
794 1227 861 1298 boc
888 1227 976 1297 mibi
1002 1226 1227 1318 propositum
1255 1233 1332 1298 erat
1350 1234 1390 1298 ut
1409 1227 1525 1299 Pbae-

186 1347 242 1420 dri
277 1350 388 1421 rerba
421 1358 600 1423 mutarem
641 1358 703 1424 aut
743 1352 789 1423 ab
829 1353 993 1443 exernplo
1026 1350 1260 1423 lluelleriano
1299 1353 1520 1444 recederem,

98 1458 102 1465 ’
183 1477 377 1563 postquam
404 1475 441 1548 id
467 1495 531 1567 pro
557 1477 668 1548 buius
695 1476 824 1549 indicis
850 1469 1088 1549 fundamento
1116 1476 1250 1548 babere
1278 1478 1392 1548 visum
1422 1482 1489 1548 est.

257 1599 428 1673 Consulto
462 1600 564 1672 omisi
595 1601 715 1672 varias
753 1601 926 1672 lectiones
961 1605 1071 1690 atque
1105 1600 1332 1672 coniecturas
1367 1620 1521 1690 quarum

184 1724 393 1797 mehercule
425 1727 515 1797 satis
548 1726 647 1818 larga
689 1727 1055 1818 copia'suppeditat.
1098 1725 1176 1798 Non
1216 1744 1281 1817 ego
1315 1726 1521 1816 negaverim

185 1848 276 1919 utile
303 1868 383 1922 esse
409 1851 502 1923 scire
528 1871 637 1941 quam
664 1871 810 1943 quoquo
844 1855 921 1925 loco
954 1854 1145 1925 lectionem
1180 1852 1419 1942 praetulerint
1453 1853 1521 1922 viri

186 1973 350 2060 doctrina
377 1984 412 2048 et
438 1977 584 2073 ingenio
611 1979 720 2051 clari:
749 1996 873 2050 verum
901 1980 967 2049 boc
994 1979 1153 2049 alienum
1180 1977 1305 2067 putavi
1333 1978 1378 2047 ab
1412 1977 1521 2049 buius

183 2099 315 2173 indicis
341 2104 503 2176 consilio.
533 2102 658 2175 omnis
684 2105 778 2176 enim
807 2104 928 2195 index,
958 2110 998 2174 ut
1032 2103 1085 2174 vis
1112 2101 1213 2174 verbi
1240 2103 1319 2192 ipsa
1345 2102 1519 2189 declarat,

184 2224 223 2294 in
248 2225 444 2299 indicando
470 2229 606 2301 nonin
632 2229 887 2320 praecipiendo
916 2233 1094 2300 versatur.
1124 2226 1252 2298 Contra
1282 2224 1397 2298 lexico
1416 2227 1521 2298 cuius

181 2351 337 2440 primam
363 2360 504 2453 partem
536 2355 573 2425 in
607 2354 786 2426 officinam
826 2351 1123 2445 typographicam
1165 2351 1234 2420 iam
1265 2350 1360 2438 misi,
1394 2350 1521 2421 tabula

183 2477 375 2570 adicietur,
403 2499 476 2570 qua
507 2486 543 2551 et
573 2497 667 2569 quae
695 2478 967 2550 emendationes
995 2476 1040 2547 ad
1066 2475 1229 2566 singulos
1256 2493 1384 2546 versus
1411 2477 1521 2547 variis

184 2601 446 2694 interpretibus
473 2604 691 2694 debeantur,
713 2610 748 2676 et
767 2604 902 2694 quibus
921 2603 958 2673 in
976 2601 1087 2673 rebus
1107 2583 1324 2671 vetustiores
1343 2599 1521 2672 editiones

183 2740 265 2829 cum
279 2725 544 2797 recentioribus
558 2710 751 2798 concinant
766 2729 829 2796 aut
844 2725 889 2795 ab
906 2725 958 2796 eis
972 2724 1178 2814 discrepent
1193 2706 1435 2812 explicabitur
1449 2717 1518 2818 (⁶2).
1639 2817 1641 2820 Υ

91 2942 95 2954 ι
256 2852 387 2925 Restat
429 2859 470 2924 ut
513 2872 676 2925 moneam
719 2852 950 2942 vocabulum,
989 2853 1025 2921 in
1061 2850 1184 2922 eodem
1228 2866 1335 2920 versu
1375 2849 1521 2938 saepius

99 2946 106 2965 ’
183 2979 350 3071 obvium,
372 2979 572 3051 indicatum
599 2957 753 3051 numero
777 2977 931 3069 repetito
950 2984 1012 3048 aut
1031 2977 1141 3049 verbo
1160 2973 1211 3048 bis
1231 2976 1336 3047 uncis
1355 2975 1520 3047 rotundis

182 3104 338 3211 incluso,
367 3110 403 3178 et
428 3106 525 3196 quod
552 3106 599 3178 ad
625 3105 787 3177 ordinem
814 3105 1023 3175 lemmatum
1051 3105 1205 3192 spectat,
1236 3100 1376 3172 litteras
1402 3104 1479 3170 cet
1499 3119 1518 3170 e

183 3234 310 3320 utpote
328 3231 548 3302 commodius
567 3230 755 3302 discretas.
784 3227 964 3302 Notantur
983 3209 1103 3298 autem
1125 3225 1255 3296 litteris
1274 3225 1299 3295 A
1319 3222 1520 3313 appendic,
1627 3312 1630 3330 ι

181 3372 238 3444 pr.
267 3342 461 3448 prolapus,
496 3374 553 3447 ep.
588 3355 765 3446 cpitcpos,
802 3354 852 3425 ita
887 3358 928 3424 ut
951 3351 1057 3422 notis
1084 3350 1111 3422 1
1138 3350 1203 3438 ab,
1239 3351 1274 3418 ⁹2.
1311 3349 1517 3419 declaretur

182 3497 304 3550 versus
331 3479 505 3552 secundus
530 3479 678 3572 [abactae
704 3482 827 3550 sectae
846 3482 879 3549 ct
897 3477 1091 3568 etpesieme
1110 3473 1333 3564 appendicis.
1364 3472 1519 3563 Reliqua

183 3611 379 3711 explanare
404 3629 672 3705 supervacuum
693 3581 829 3680 babeo.

256 3735 394 3808 Dabam
421 3736 559 3809 Romae
585 3754 708 3841 mense
736 3734 813 3809 lan.
844 3754 877 3805 a.
908 3728 1202 3804 lleCCCllClll.

182 3934 342 3945 .—

183 4064 187 4070 ’
252 4048 289 4121 (1)
309 4049 362 4105 Cir.
383 4032 503 4106 Phaedri
520 4048 640 4120 Augusti
660 4047 762 4105 Liberti
784 4045 907 4103 Fabulae
927 4044 1067 4115 Aesopiae
1087 4071 1119 4082 —
1140 4042 1305 4099 recensuit...
1333 4043 1401 4097 bird.
1422 4042 1517 4104 llavet,

178 4136 267 4200 Paris,
287 4136 422 4192 Librairie
442 4136 577 4192 llacbette
598 4133 676 4211 teeti.
1157 4154 1159 4157 ·

251 4223 288 4293 (2)
308 4225 531 4294 composueram
550 4222 640 4279 lexico
663 4222 839 4279 Plraodriana
859 4221 887 4276 in
906 4219 1066 4295 scholarum
1086 4233 1167 4274 usum
1187 4216 1371 4273 llillerbelrins
1396 4215 1520 4286 (Harmo-

138 4378 142 4385 .
180 4324 236 4374 ver,
258 4307 344 4381 1859),
365 4309 522 4366 Eicbertius
546 4309 713 4379 (llannover‚
735 4305 827 4377 1877),
850 4305 1060 4362 Scbaubaclrius
1084 4303 1220 4374 (Leipzig,
1243 4300 1332 4372 1888),
1353 4303 1520 4358 llamorines

180 4395 303 4465 (lorino,
325 4392 404 4464 1881)
423 4400 451 4450 et
469 4394 518 4450 alii
539 4394 590 4450 viri
609 4393 692 4450 docti.
712 4392 897 4449 Vehementer
917 4391 997 4447 doleo
1016 4405 1102 4461 (prtem
1128 4389 1222 4445 laudat
1240 4387 1389 4444 l'eullelius
1413 4386 1520 4456 (descle-

180 4479 664 4543 11111111111111111111111111111111111,
690 4478 718 4533 Γ.
739 4477 784 4533 iol.
804 4474 876 4547 685.)
897 4475 1017 4532 indicem
1044 4474 1263 4539 Plraedrianmn,
1291 4475 1363 4530 loeas
1388 4473 1518 4530 tlalamo

181 4563 344 4621 Collmanno
364 4579 387 4620 a.
408 4563 586 4621 Mnuccxtl
606 4562 703 4628 lilarb,
723 4562 790 4618 teiln
812 4561 840 4617 in
859 4560 988 4618 manilnrs
1009 4574 1065 4616 non
1084 4559 1176 4615 luisse.

641 4764 754 4772 .-......
769 4740 1064 4796 ,κωφὴ-.-
