3772 5616
611 706 615 715 ’
703 702 1181 811 PRAEFATIO

350 1348 434 1419 Com
464 1347 502 1418 ln
529 1346 648 1417 animo
674 1345 847 1418 haberem
876 1345 1016 1417 lexicon
1042 1344 1311 1419 Phaedriannm
1345 1345 1453 1418 odere
1488 1349 1523 1434 et
1550 1362 1611 1416 eas

273 1493 382 1546 voces
408 1492 564 1564 quarum
591 1471 707 1564 prima
734 1473 856 1545 littera
883 1479 938 1546 est
965 1493 988 1545 c
1015 1473 1261 1566 collegissem,
1296 1474 1450 1546 utilitati
1477 1493 1533 1546 mo
1560 1474 1613 1546 eis

272 1598 352 1671 lore
379 1597 600 1690 existimavi,
636 1598 699 1688 qui
732 1599 967 1689 antiquorum
998 1599 1215 1690 scriptorum
1247 1606 1455 1690 corruptam
1481 1599 1612 1691 depra-

271 1700 470 1814 vatamque
497 1724 696 1796 orationem
724 1723 940 1797 emendandi
967 1743 1100 1797 munus
1126 1725 1382 1817 suscipientes,
1416 1725 1523 1816 quasi
1547 1744 1613 1818 per

270 1851 370 1922 viam
396 1849 688 1941 investigationis
712 1849 912 1943 proximam
940 1869 981 1922 ac
1013 1850 1339 1942 compendiariam,
1376 1851 1465 1942 quid
1499 1868 1614 1924 unus-

271 1975 433 2065 quisque
461 1975 561 2047 locns
587 1975 773 2048 contineat
799 1976 923 2048 statim
941 1994 1090 2048 noscere
1109 1977 1282 2068 cupiunt,
1300 1976 1421 2048 sliam
1441 1996 1538 2049 nunc
1556 1977 1611 2048 in-

269 2100 391 2174 dicem
417 2105 561 2173 tantum
580 2100 840 2173 vocabulorum
864 2107 975 2192 atque
993 2100 1188 2175 lormarum
1207 2102 1245 2173 in
1263 2103 1380 2174 lucem
1398 2101 1610 2194 prolerrem.
1728 2180 1730 2183 ,

348 2225 426 2310 Quo
451 2226 490 2298 in
517 2244 624 2318 opere
654 2226 876 2300 conficiendo
909 2246 1002 2318 quas
1035 2233 1185 2299 secutus
1218 2227 1285 2299 sim
1316 2227 1499 2319 rationes,
1534 2227 1613 2319 ipse

268 2351 424 2424 libellus
450 2351 664 2424 declarabit.
694 2351 792 2426 Illud
816 2352 937 2426 dicere
963 2351 1052 2425 satis
1079 2353 1196 2444 babeo
1224 2371 1374 2425 menon
1399 2353 1505 2426 modo
1531 2369 1616 2444 par-

270 2478 408 2550 ticulas
447 2497 571 2551 omnes
605 2479 785 2571 recepisse
818 2479 882 2551 sed
916 2479 1024 2551 etiam
1056 2479 1268 2552 distinxisse
1301 2496 1429 2550 vocum
1462 2475 1610 2568 formas,

271 2603 423 2676 casibus
450 2605 614 2677 diversas
640 2605 772 2677 litteris
802 2623 930 2697 pares,
966 2623 1039 2696 quo
1072 2605 1202 2677 certior
1236 2608 1272 2676 et
1303 2603 1521 2694 locupletior
1555 2603 1614 2674 bic

271 2729 385 2801 index
413 2730 492 2802 fieri
519 2728 654 2822 posset.
684 2729 850 2804 Ceterum
876 2735 1055 2820 qualidum
1081 2731 1183 2821 potui
1203 2729 1354 2801 eandem
1373 2728 1468 2799 riam
1486 2733 1613 2798 tenere

272 2855 448 2928 contendi
465 2856 630 2929 ac-multi
649 2835 720 2928 iant
739 2856 806 2927 viri
825 2855 921 2928 docti
939 2861 980 2927 ut
994 2854 1175 2928 Holderos
1188 2853 1358 2927 Kellerus
1373 2849 1556 2947 tabulas(
1583 2847 1611 2946 ),

226 3079 232 3085 .
272 2982 341 3073 qui
367 2999 533 3074 magnam
561 2980 777 3053 industriam
804 2986 840 3054 et
866 2979 1091 3072 diligentiam
1125 2980 1162 3051 in
1188 2978 1398 3051 huiusmodi
1426 2976 1611 3069 operibns,

273 3113 318 3180 ut
344 3125 425 3178 cum
452 3105 592 3179 Catullo
620 3106 761 3196 loquar,
790 3105 906 3177 doctis
924 3104 1092 3196 luppiter
1111 3109 1146 3176 et
1166 3102 1370 3193 laboriosis,
1396 3107 1612 3194 pos-uerunt.

352 3231 404 3304 dd
421 3230 533 3304 rerba
551 3234 672 3302 autem
691 3229 970 3303 transcribenda
989 3229 1183 3302 editionem
1202 3228 1353 3302 adhibui
1379 3248 1489 3319 quam
1515 3228 1614 3323 apud

273 3353 507 3428 Teubnerum
525 3375 560 3426 a.
581 3354 867 3430 nbtccxctlllt
886 3356 1036 3447 protulit
1055 3354 1239 3429 Lucienus
1258 3354 1474 3427 Muellerus:
1503 3370 1615 3444 qnae-

274 3472 361 3552 nam
388 3498 472 3552 vero
492 3479 615 3570 editio,
636 3499 731 3570 quae
749 3481 828 3552 iure
846 3481 956 3574 deligi
976 3481 1105 3573 possit,
1133 3486 1215 3572 post
1239 3479 1454 3552 Muellerum
1481 3474 1614 3568 prodiit

274 3605 316 3676 in
333 3601 500 3696 Europal
519 3603 609 3678 Nam
629 3604 823 3679 editionem
841 3626 950 3697 qnam
968 3606 1064 3679 loras
1083 3607 1183 3679 dedit
1201 3606 1407 3679 bodonicus
1421 3603 1611 3692 Horatius,

272 3729 331 3803 vir
357 3729 522 3801 doctrina
549 3735 585 3802 et
611 3731 811 3822 sagacitate
837 3732 929 3804 bene
956 3732 1001 3804 de
1028 3731 1160 3804 studiis
1185 3730 1423 3804 Phaedrianis
1445 3730 1611 3818 meritus,

273 3852 430 3950 (quippe
461 3853 524 3945 qui
560 3855 721 3928 ordinem
748 3875 820 3927 non
848 3857 951 3929 modo
978 3859 1207 3950 prologorom
1234 3866 1269 3931 et
1296 3859 1519 3952 epilogorum
1546 3843 1622 3929 im-'

253 3985 423 4093 ‚mutans
448 3981 640 4054 sedetiam
664 3980 871 4054 labularum
905 4002 1035 4055 novam
1070 3984 1313 4076 investigandi
1347 3985 1441 4056 viam
1478 3983 1616 4074 ingres·

274 4170 440 4184 ..Ἀ

347 4273 386 4348 (ll
406 4275 459 4333 Glr.
479 4275 508 4333 C.
527 4275 581 4332 lull
600 4274 724 4332 Caesaris
743 4275 813 4331 Belli
832 4274 928 4332 Civilis
952 4276 1015 4332 libri
1037 4277 1074 4332 lll
1094 4277 1234 4334 recensuit
1261 4277 1293 4333 A.
1314 4277 1429 4344 noller,
1451 4277 1566 4349 Lipsiae
1587 4279 1615 4335 in

271 4361 396 4421 aedibus
415 4361 445 4420 Β.
466 4361 497 4417 G.
516 4359 664 4427 Teubneri,
684 4359 999 4417 mndccnxlttlxvlll
1021 4360 1078 4430 (lol.
1099 4360 1241 4431 let-250).
1263 4361 1294 4426 Q.
1313 4361 1410 4417 llorali
1424 4361 1516 4418 Flacci
1530 4376 1616 4432 opera

270 4452 477 4506 recensuerunt
495 4445 526 4503 0.
541 4445 635 4502 Keller·
648 4452 675 4500 et
688 4444 721 4501 Α.
735 4445 845 4503 Holder.
860 4446 923 4502 Vol.
937 4447 949 4501 l
963 4447 1122 4503 llarmlnnm
1137 4446 1200 4502 libri
1214 4447 1266 4503 llll
1280 4447 1400 4517 Epodon
1413 4447 1484 4503 liber·
1497 4448 1623 4525 Carmen·

270 4529 434 4596 saeculare,
448 4530 547 4589 iterum
557 4528 697 4586 recensuit
708 4528 740 4587 0.
751 4529 852 4597 Keller,
868 4530 988 4600 Lipsiae,
1001 4531 1028 4586 in
1039 4529 1155 4587 aedibus
1166 4532 1196 4586 B.
1206 4532 1237 4588 G.
1248 4531 1384 4589 Teubneri
1400 4531 1614 4589 tlbddclldlx.

270 4616 333 4688 (ror.
352 4614 498 4687 err-rao).
